@techreport{Baruth,
author = {Baruth, Bettina and Baruth, B and Royer, A and Klisch, A and Genovese, G},
title = {{The use of remote sensing within the MARS crop yield monitoring system of the European Commission Monitoring and forecasting agricultural resources}}
}

@article{Matis1985,
  author = {Matis, J. H. and Saito, T. and Grant, W. E. and Iwig, W. C. and Ritchie, J. T.},
  publisher = {Elsevier},
  title = {{A Markov chain approach to crop yield forecasting}},
  year = {1985}
}

@phdthesis{stephens1995crop,
  title={Crop yield forecasting over large areas in Australia},
  author={Stephens, David J},
  year={1995},
  school={Murdoch University}
}

@techreport{You2017,
author = {You, Jiaxuan and Li, Xiaocheng and Low, Melvin and Lobell, David and Ermon, Stefano},
title = {{Deep Gaussian Process for Crop Yield Prediction Based on Remote Sensing Data}},
year = {2017}
}

@article{Bastiaanssen2003,
author = {Bastiaanssen, Wim G.M. and Ali, Samia},
title = {{A new crop yield forecasting model based on satellite measurements applied across the Indus Basin, Pakistan}},
year = {2003}
}

@article{Becker-Reshef2010,
author = {Becker-Reshef, I. and Vermote, E. and Lindeman, M. and Justice, C.},
title = {{A generalized regression-based model for forecasting winter wheat yields in Kansas and Ukraine using MODIS data}},
year = {2010}
}

@article{DeWit2007,
author = {de Wit, A. J.W. and van Diepen, C. A.},
title = {{Crop model data assimilation with the Ensemble Kalman filter for improving regional crop yield forecasts}},
year = {2007}
}

@article{Mkhabela2011,
author = {Mkhabela, M. S. and Bullock, P. and Raj, S. and Wang, S. and Yang, Y.},
title = {{Crop yield forecasting on the Canadian Prairies using MODIS NDVI data}},
year = {2011}
}

@article{Prasad2006,
author = {Prasad, Anup K. and Chai, Lim and Singh, Ramesh P. and Kafatos, Menas},
title = {{Crop yield estimation model for Iowa using remote sensing and surface parameters}},
year = {2006}
}

@techreport{good2011usda,
  title={USDA corn and soybean acreage estimates and yield forecasts: dispelling myths and misunderstandings},
  author={Good, Darrel L and Irwin, Scott H},
  year={2011}
}

@article{Basso2013,
  author = {Basso, Bruno and Cammarano, Davide and Carfagna, Elisabetta},
  title = {{Review of Crop Yield Forecasting Methods and Early Warning Systems}},
  year = {2013}
}

@article{farrar1967multicollinearity,
  title={Multicollinearity in regression analysis: the problem revisited},
  author={Farrar, Donald E and Glauber, Robert R},
  year={1967}
}

@article{hochreiter1997long,
  title={Long short-term memory},
  author={Hochreiter, Sepp and Schmidhuber, J{\"u}rgen},
  year={1997},
  publisher={MIT Press}
}

@article{clarke2005analysis,
  title={Analysis of support vector regression for approximation of complex engineering analyses},
  author={Clarke, Stella M and Griebsch, Jan H and Simpson, Timothy W},
  year={2005}
}

@article{liaw2002classification,
  title={Classification and regression by randomForest},
  author={Liaw, Andy and Wiener, Matthew and others},
  year={2002}
}

@article{peterson2009k,
  title={K-nearest neighbor},
  author={Peterson, Leif E},
  year={2009}
}

@incollection{theil1992rank,
  title={A rank-invariant method of linear and polynomial regression analysis},
  author={Theil, Henri},
  year={1992},
  publisher={Springer}
}

@inproceedings{drucker1997support,
  title={Support vector regression machines},
  author={Drucker, Harris and Burges, Christopher JC and Kaufman, Linda and Smola, Alex J and Vapnik, Vladimir},
  year={1997}
}

@book{cristianini2000introduction,
  title={An introduction to support vector machines and other kernel-based learning methods},
  author={Cristianini, Nello and Shawe-Taylor, John and others},
  year={2000},
  publisher={Cambridge university press}
}

@article{saunders1998ridge,
  title={Ridge regression learning algorithm in dual variables},
  author={Saunders, Craig and Gammerman, Alexander and Vovk, Volodya},
  year={1998}
}

@inproceedings{ke2017lightgbm,
  title={Lightgbm: A highly efficient gradient boosting decision tree},
  author={Ke, Guolin and Meng, Qi and Finley, Thomas and Wang, Taifeng and Chen, Wei and Ma, Weidong and Ye, Qiwei and Liu, Tie-Yan},
  year={2017}
}

@book{vapnik2013nature,
  title={The nature of statistical learning theory},
  author={Vapnik, Vladimir},
  year={2013},
  publisher={Springer science \& business media}
}